<record><leader>00000cas a2200000 a 4500</leader><controlfield tag="001">29235179</controlfield><controlfield tag="008">931102d18uu1882iluwr ne      0   a0eng c</controlfield><datafield ind1=" " ind2=" " tag="010"><subfield code="a">sn 93056007 </subfield></datafield><datafield ind1=" " ind2=" " tag="040"><subfield code="a">NVF</subfield><subfield code="b">eng</subfield><subfield code="c">NVF</subfield><subfield code="d">OCL</subfield><subfield code="d">NVF</subfield><subfield code="d">OCLCF</subfield><subfield code="d">NVF</subfield><subfield code="d">OCLCO</subfield></datafield><datafield ind1="1" ind2=" " tag="029"><subfield code="a">AU@</subfield><subfield code="b">000010664972</subfield></datafield><datafield ind1=" " ind2=" " tag="042"><subfield code="a">pcc</subfield></datafield><datafield ind1=" " ind2=" " tag="043"><subfield code="a">n-us-il</subfield></datafield><datafield ind1="0" ind2="4" tag="245"><subfield code="a">The Galesburg press.</subfield></datafield><datafield ind1="1" ind2="3" tag="246"><subfield code="a">Galesburg weekly press</subfield><subfield code="f">&lt;July 24, 1879&gt;</subfield></datafield><datafield ind1=" " ind2=" " tag="260"><subfield code="a">Galesburg, Ill. :</subfield><subfield code="b">M.S. Barnes</subfield></datafield><datafield ind1=" " ind2=" " tag="300"><subfield code="a">v.</subfield></datafield><datafield ind1=" " ind2=" " tag="310"><subfield code="a">Weekly</subfield></datafield><datafield ind1="1" ind2=" " tag="362"><subfield code="a">Ceased in 1882.</subfield></datafield><datafield ind1=" " ind2=" " tag="580"><subfield code="a">Merged with: Daily press (Galesburg, Ill.), and: Leader (Galesburg, Ill.), to form: Press and people.</subfield></datafield><datafield ind1=" " ind2=" " tag="588"><subfield code="a">Description based on: Volume 23, number 37 (Aug. 24, 1876).</subfield></datafield><datafield ind1=" " ind2=" " tag="588"><subfield code="a">Latest issue consulted: July 24, 1879.</subfield></datafield><datafield ind1=" " ind2="0" tag="651"><subfield code="a">Galesburg (Ill.)</subfield><subfield code="v">Newspapers.</subfield></datafield><datafield ind1=" " ind2="7" tag="651"><subfield code="a">Illinois</subfield><subfield code="z">Galesburg.</subfield><subfield code="2">fast</subfield><subfield code="0">(OCoLC)fst01202787</subfield></datafield><datafield ind1=" " ind2="7" tag="655"><subfield code="a">Newspapers.</subfield><subfield code="2">fast</subfield><subfield code="0">(OCoLC)fst01423814</subfield></datafield><datafield ind1=" " ind2=" " tag="752"><subfield code="a">United States</subfield><subfield code="b">Illinois</subfield><subfield code="c">Knox</subfield><subfield code="d">Galesburg.</subfield></datafield><datafield ind1="1" ind2="7" tag="785"><subfield code="t">Daily press (Galesburg, Ill.)</subfield><subfield code="w">(DLC)sn 93056008</subfield><subfield code="w">(OCoLC)29235139</subfield></datafield><datafield ind1="1" ind2="7" tag="785"><subfield code="t">Leader (Galesburg, Ill.)</subfield></datafield><datafield ind1="1" ind2="7" tag="785"><subfield code="t">Press and people (Galesburg, Ill.)</subfield><subfield code="w">(DLC)sn 92053303</subfield><subfield code="w">(OCoLC)26152953</subfield></datafield></record>